
@misc{ref2,
	Subtitle={Site},
	Title={Opent Stack Basement},
	Author={Basement},
	Url={http://www.openstackbasement.com/},
	Urlaccessdate={21 nov. 2015},
	Year={2015}
}


@article{ref1,
	Author={Paulo Antonio Leal Rego},
	Author2={Emanuel Ferreira Coutinho},
	Author3={Jose Neuman de Sousa},
	Title={Estratégia para Alocação Dinâmica de Recursos em um Ambiente Híbrido de Computação em Nuvem. XI Workshop de Computação em Nuvem e Aplicações},
	Publisher={Sbrc},
	Url={http://sbrc2013.unb.br/files/anais/wcga/artigos/artigo-11.pdf},
	Version={10, n. 1},
	Year={2013}
}


@misc{ref3,
	Subtitle={Site},
	Title={Opent Stack},
	Author={OpenStack},
	Url={https://www.openstack.org/},
	Urlaccessdate={21 nov. 2015},
	Year={2015}
}
